%YAML 1.1
%TAG !u! tag:unity3d.com,2011:
--- !u!1 &1840796999
GameObject:
  m_ObjectHideFlags: 0
  m_CorrespondingSourceObject: {fileID: 0}
  m_PrefabInstance: {fileID: 0}
  m_PrefabAsset: {fileID: 0}
  serializedVersion: 6
  m_Component:
  - component: {fileID: 1840797000}
  - component: {fileID: 1840797003}
  - component: {fileID: 1840797002}
  - component: {fileID: 1840797001}
  m_Layer: 5
  m_Name: Tutorial image
  m_TagString: Untagged
  m_Icon: {fileID: 0}
  m_NavMeshLayer: 0
  m_StaticEditorFlags: 0
  m_IsActive: 1
--- !u!224 &1840797000
RectTransform:
  m_ObjectHideFlags: 0
  m_CorrespondingSourceObject: {fileID: 0}
  m_PrefabInstance: {fileID: 0}
  m_PrefabAsset: {fileID: 0}
  m_GameObject: {fileID: 1840796999}
  m_LocalRotation: {x: 0, y: 0, z: 0, w: 1}
  m_LocalPosition: {x: 0, y: 0, z: 0}
  m_LocalScale: {x: 1, y: 1, z: 1}
  m_Children:
  - {fileID: 2122386263}
  m_Father: {fileID: 148068601124084036}
  m_RootOrder: 3
  m_LocalEulerAnglesHint: {x: 0, y: 0, z: 0}
  m_AnchorMin: {x: 0, y: 0}
  m_AnchorMax: {x: 1, y: 1}
  m_AnchoredPosition: {x: 0, y: 57.499508}
  m_SizeDelta: {x: -40, y: -415.001}
  m_Pivot: {x: 0.5, y: 0.5}
--- !u!222 &1840797003
CanvasRenderer:
  m_ObjectHideFlags: 0
  m_CorrespondingSourceObject: {fileID: 0}
  m_PrefabInstance: {fileID: 0}
  m_PrefabAsset: {fileID: 0}
  m_GameObject: {fileID: 1840796999}
  m_CullTransparentMesh: 1
--- !u!114 &1840797002
MonoBehaviour:
  m_ObjectHideFlags: 0
  m_CorrespondingSourceObject: {fileID: 0}
  m_PrefabInstance: {fileID: 0}
  m_PrefabAsset: {fileID: 0}
  m_GameObject: {fileID: 1840796999}
  m_Enabled: 1
  m_EditorHideFlags: 0
  m_Script: {fileID: 11500000, guid: fe87c0e1cc204ed48ad3b37840f39efc, type: 3}
  m_Name: 
  m_EditorClassIdentifier: 
  m_Material: {fileID: 0}
  m_Color: {r: 1, g: 1, b: 1, a: 1}
  m_RaycastTarget: 1
  m_RaycastPadding: {x: 0, y: 0, z: 0, w: 0}
  m_Maskable: 1
  m_OnCullStateChanged:
    m_PersistentCalls:
      m_Calls: []
  m_Sprite: {fileID: 10917, guid: 0000000000000000f000000000000000, type: 0}
  m_Type: 1
  m_PreserveAspect: 0
  m_FillCenter: 1
  m_FillMethod: 4
  m_FillAmount: 1
  m_FillClockwise: 1
  m_FillOrigin: 0
  m_UseSpriteMesh: 0
  m_PixelsPerUnitMultiplier: 0.3
--- !u!114 &1840797001
MonoBehaviour:
  m_ObjectHideFlags: 0
  m_CorrespondingSourceObject: {fileID: 0}
  m_PrefabInstance: {fileID: 0}
  m_PrefabAsset: {fileID: 0}
  m_GameObject: {fileID: 1840796999}
  m_Enabled: 1
  m_EditorHideFlags: 0
  m_Script: {fileID: 11500000, guid: 31a19414c41e5ae4aae2af33fee712f6, type: 3}
  m_Name: 
  m_EditorClassIdentifier: 
  m_ShowMaskGraphic: 0
--- !u!1 &2122386262
GameObject:
  m_ObjectHideFlags: 0
  m_CorrespondingSourceObject: {fileID: 0}
  m_PrefabInstance: {fileID: 0}
  m_PrefabAsset: {fileID: 0}
  serializedVersion: 6
  m_Component:
  - component: {fileID: 2122386263}
  - component: {fileID: 2122386265}
  - component: {fileID: 2122386264}
  m_Layer: 5
  m_Name: Image
  m_TagString: Untagged
  m_Icon: {fileID: 0}
  m_NavMeshLayer: 0
  m_StaticEditorFlags: 0
  m_IsActive: 1
--- !u!224 &2122386263
RectTransform:
  m_ObjectHideFlags: 0
  m_CorrespondingSourceObject: {fileID: 0}
  m_PrefabInstance: {fileID: 0}
  m_PrefabAsset: {fileID: 0}
  m_GameObject: {fileID: 2122386262}
  m_LocalRotation: {x: 0, y: 0, z: 0, w: 1}
  m_LocalPosition: {x: 0, y: 0, z: 0}
  m_LocalScale: {x: 1, y: 1, z: 1}
  m_Children: []
  m_Father: {fileID: 1840797000}
  m_RootOrder: 0
  m_LocalEulerAnglesHint: {x: 0, y: 0, z: 0}
  m_AnchorMin: {x: 0, y: 0}
  m_AnchorMax: {x: 1, y: 1}
  m_AnchoredPosition: {x: 0, y: 0}
  m_SizeDelta: {x: 0, y: 0}
  m_Pivot: {x: 0.5, y: 0.5}
--- !u!222 &2122386265
CanvasRenderer:
  m_ObjectHideFlags: 0
  m_CorrespondingSourceObject: {fileID: 0}
  m_PrefabInstance: {fileID: 0}
  m_PrefabAsset: {fileID: 0}
  m_GameObject: {fileID: 2122386262}
  m_CullTransparentMesh: 1
--- !u!114 &2122386264
MonoBehaviour:
  m_ObjectHideFlags: 0
  m_CorrespondingSourceObject: {fileID: 0}
  m_PrefabInstance: {fileID: 0}
  m_PrefabAsset: {fileID: 0}
  m_GameObject: {fileID: 2122386262}
  m_Enabled: 1
  m_EditorHideFlags: 0
  m_Script: {fileID: 11500000, guid: fe87c0e1cc204ed48ad3b37840f39efc, type: 3}
  m_Name: 
  m_EditorClassIdentifier: 
  m_Material: {fileID: 0}
  m_Color: {r: 1, g: 1, b: 1, a: 1}
  m_RaycastTarget: 1
  m_RaycastPadding: {x: 0, y: 0, z: 0, w: 0}
  m_Maskable: 1
  m_OnCullStateChanged:
    m_PersistentCalls:
      m_Calls: []
  m_Sprite: {fileID: 21300000, guid: 984ebf131455ae54b831436b535a37a1, type: 3}
  m_Type: 0
  m_PreserveAspect: 0
  m_FillCenter: 1
  m_FillMethod: 4
  m_FillAmount: 1
  m_FillClockwise: 1
  m_FillOrigin: 0
  m_UseSpriteMesh: 0
  m_PixelsPerUnitMultiplier: 1
--- !u!1001 &5328867753665209354
PrefabInstance:
  m_ObjectHideFlags: 0
  serializedVersion: 2
  m_Modification:
    m_TransformParent: {fileID: 0}
    m_Modifications:
    - target: {fileID: 736584516426024355, guid: 5c3cb4fea9884c8408ae17859f4d7473,
        type: 3}
      propertyPath: m_Text
      value: Next
      objectReference: {fileID: 0}
    - target: {fileID: 855593459996247538, guid: 5c3cb4fea9884c8408ae17859f4d7473,
        type: 3}
      propertyPath: m_AnchorMax.y
      value: 0
      objectReference: {fileID: 0}
    - target: {fileID: 855593459996247538, guid: 5c3cb4fea9884c8408ae17859f4d7473,
        type: 3}
      propertyPath: m_AnchorMin.y
      value: 0
      objectReference: {fileID: 0}
    - target: {fileID: 855593459996247538, guid: 5c3cb4fea9884c8408ae17859f4d7473,
        type: 3}
      propertyPath: m_SizeDelta.x
      value: 0
      objectReference: {fileID: 0}
    - target: {fileID: 855593459996247538, guid: 5c3cb4fea9884c8408ae17859f4d7473,
        type: 3}
      propertyPath: m_SizeDelta.y
      value: 0
      objectReference: {fileID: 0}
    - target: {fileID: 855593459996247538, guid: 5c3cb4fea9884c8408ae17859f4d7473,
        type: 3}
      propertyPath: m_AnchoredPosition.x
      value: 0
      objectReference: {fileID: 0}
    - target: {fileID: 855593459996247538, guid: 5c3cb4fea9884c8408ae17859f4d7473,
        type: 3}
      propertyPath: m_AnchoredPosition.y
      value: 0
      objectReference: {fileID: 0}
    - target: {fileID: 1373263517854631503, guid: 5c3cb4fea9884c8408ae17859f4d7473,
        type: 3}
      propertyPath: m_OnClick.m_PersistentCalls.m_Calls.Array.size
      value: 2
      objectReference: {fileID: 0}
    - target: {fileID: 1373263517854631503, guid: 5c3cb4fea9884c8408ae17859f4d7473,
        type: 3}
      propertyPath: m_OnClick.m_PersistentCalls.m_Calls.Array.data[1].m_Mode
      value: 1
      objectReference: {fileID: 0}
    - target: {fileID: 1373263517854631503, guid: 5c3cb4fea9884c8408ae17859f4d7473,
        type: 3}
      propertyPath: m_OnClick.m_PersistentCalls.m_Calls.Array.data[1].m_CallState
      value: 2
      objectReference: {fileID: 0}
    - target: {fileID: 1373263517854631503, guid: 5c3cb4fea9884c8408ae17859f4d7473,
        type: 3}
      propertyPath: m_OnClick.m_PersistentCalls.m_Calls.Array.data[1].m_MethodName
      value: Play
      objectReference: {fileID: 0}
    - target: {fileID: 1373263517854631503, guid: 5c3cb4fea9884c8408ae17859f4d7473,
        type: 3}
      propertyPath: m_OnClick.m_PersistentCalls.m_Calls.Array.data[1].m_TargetAssemblyTypeName
      value: UnityEngine.AudioSource, UnityEngine
      objectReference: {fileID: 0}
    - target: {fileID: 1373263517854631503, guid: 5c3cb4fea9884c8408ae17859f4d7473,
        type: 3}
      propertyPath: m_OnClick.m_PersistentCalls.m_Calls.Array.data[1].m_Arguments.m_ObjectArgumentAssemblyTypeName
      value: UnityEngine.Object, UnityEngine
      objectReference: {fileID: 0}
    - target: {fileID: 2780723359067561103, guid: 5c3cb4fea9884c8408ae17859f4d7473,
        type: 3}
      propertyPath: m_AnchorMax.x
      value: 1
      objectReference: {fileID: 0}
    - target: {fileID: 2780723359067561103, guid: 5c3cb4fea9884c8408ae17859f4d7473,
        type: 3}
      propertyPath: m_AnchorMax.y
      value: 1
      objectReference: {fileID: 0}
    - target: {fileID: 2780723359067561103, guid: 5c3cb4fea9884c8408ae17859f4d7473,
        type: 3}
      propertyPath: m_AnchorMin.x
      value: 0
      objectReference: {fileID: 0}
    - target: {fileID: 2780723359067561103, guid: 5c3cb4fea9884c8408ae17859f4d7473,
        type: 3}
      propertyPath: m_AnchorMin.y
      value: 0
      objectReference: {fileID: 0}
    - target: {fileID: 2780723359067561103, guid: 5c3cb4fea9884c8408ae17859f4d7473,
        type: 3}
      propertyPath: m_SizeDelta.x
      value: -40
      objectReference: {fileID: 0}
    - target: {fileID: 2780723359067561103, guid: 5c3cb4fea9884c8408ae17859f4d7473,
        type: 3}
      propertyPath: m_SizeDelta.y
      value: -710
      objectReference: {fileID: 0}
    - target: {fileID: 2780723359067561103, guid: 5c3cb4fea9884c8408ae17859f4d7473,
        type: 3}
      propertyPath: m_AnchoredPosition.x
      value: 0
      objectReference: {fileID: 0}
    - target: {fileID: 2780723359067561103, guid: 5c3cb4fea9884c8408ae17859f4d7473,
        type: 3}
      propertyPath: m_AnchoredPosition.y
      value: -225
      objectReference: {fileID: 0}
    - target: {fileID: 2795797365491673486, guid: 5c3cb4fea9884c8408ae17859f4d7473,
        type: 3}
      propertyPath: m_Pivot.x
      value: 0.5
      objectReference: {fileID: 0}
    - target: {fileID: 2795797365491673486, guid: 5c3cb4fea9884c8408ae17859f4d7473,
        type: 3}
      propertyPath: m_Pivot.y
      value: 0.5
      objectReference: {fileID: 0}
    - target: {fileID: 2795797365491673486, guid: 5c3cb4fea9884c8408ae17859f4d7473,
        type: 3}
      propertyPath: m_RootOrder
      value: 0
      objectReference: {fileID: 0}
    - target: {fileID: 2795797365491673486, guid: 5c3cb4fea9884c8408ae17859f4d7473,
        type: 3}
      propertyPath: m_AnchorMax.x
      value: 1
      objectReference: {fileID: 0}
    - target: {fileID: 2795797365491673486, guid: 5c3cb4fea9884c8408ae17859f4d7473,
        type: 3}
      propertyPath: m_AnchorMax.y
      value: 1
      objectReference: {fileID: 0}
    - target: {fileID: 2795797365491673486, guid: 5c3cb4fea9884c8408ae17859f4d7473,
        type: 3}
      propertyPath: m_AnchorMin.x
      value: 0
      objectReference: {fileID: 0}
    - target: {fileID: 2795797365491673486, guid: 5c3cb4fea9884c8408ae17859f4d7473,
        type: 3}
      propertyPath: m_AnchorMin.y
      value: 0
      objectReference: {fileID: 0}
    - target: {fileID: 2795797365491673486, guid: 5c3cb4fea9884c8408ae17859f4d7473,
        type: 3}
      propertyPath: m_SizeDelta.x
      value: 0
      objectReference: {fileID: 0}
    - target: {fileID: 2795797365491673486, guid: 5c3cb4fea9884c8408ae17859f4d7473,
        type: 3}
      propertyPath: m_SizeDelta.y
      value: 0
      objectReference: {fileID: 0}
    - target: {fileID: 2795797365491673486, guid: 5c3cb4fea9884c8408ae17859f4d7473,
        type: 3}
      propertyPath: m_LocalPosition.x
      value: 0
      objectReference: {fileID: 0}
    - target: {fileID: 2795797365491673486, guid: 5c3cb4fea9884c8408ae17859f4d7473,
        type: 3}
      propertyPath: m_LocalPosition.y
      value: 0
      objectReference: {fileID: 0}
    - target: {fileID: 2795797365491673486, guid: 5c3cb4fea9884c8408ae17859f4d7473,
        type: 3}
      propertyPath: m_LocalPosition.z
      value: 0
      objectReference: {fileID: 0}
    - target: {fileID: 2795797365491673486, guid: 5c3cb4fea9884c8408ae17859f4d7473,
        type: 3}
      propertyPath: m_LocalRotation.w
      value: 1
      objectReference: {fileID: 0}
    - target: {fileID: 2795797365491673486, guid: 5c3cb4fea9884c8408ae17859f4d7473,
        type: 3}
      propertyPath: m_LocalRotation.x
      value: 0
      objectReference: {fileID: 0}
    - target: {fileID: 2795797365491673486, guid: 5c3cb4fea9884c8408ae17859f4d7473,
        type: 3}
      propertyPath: m_LocalRotation.y
      value: 0
      objectReference: {fileID: 0}
    - target: {fileID: 2795797365491673486, guid: 5c3cb4fea9884c8408ae17859f4d7473,
        type: 3}
      propertyPath: m_LocalRotation.z
      value: 0
      objectReference: {fileID: 0}
    - target: {fileID: 2795797365491673486, guid: 5c3cb4fea9884c8408ae17859f4d7473,
        type: 3}
      propertyPath: m_AnchoredPosition.x
      value: 0
      objectReference: {fileID: 0}
    - target: {fileID: 2795797365491673486, guid: 5c3cb4fea9884c8408ae17859f4d7473,
        type: 3}
      propertyPath: m_AnchoredPosition.y
      value: 0
      objectReference: {fileID: 0}
    - target: {fileID: 2795797365491673486, guid: 5c3cb4fea9884c8408ae17859f4d7473,
        type: 3}
      propertyPath: m_LocalEulerAnglesHint.x
      value: 0
      objectReference: {fileID: 0}
    - target: {fileID: 2795797365491673486, guid: 5c3cb4fea9884c8408ae17859f4d7473,
        type: 3}
      propertyPath: m_LocalEulerAnglesHint.y
      value: 0
      objectReference: {fileID: 0}
    - target: {fileID: 2795797365491673486, guid: 5c3cb4fea9884c8408ae17859f4d7473,
        type: 3}
      propertyPath: m_LocalEulerAnglesHint.z
      value: 0
      objectReference: {fileID: 0}
    - target: {fileID: 2890301168984837926, guid: 5c3cb4fea9884c8408ae17859f4d7473,
        type: 3}
      propertyPath: m_Name
      value: MessageWindow - Tutorial - Goals 1of2
      objectReference: {fileID: 0}
    - target: {fileID: 3541432704971101424, guid: 5c3cb4fea9884c8408ae17859f4d7473,
        type: 3}
      propertyPath: m_AnchorMax.y
      value: 0
      objectReference: {fileID: 0}
    - target: {fileID: 3541432704971101424, guid: 5c3cb4fea9884c8408ae17859f4d7473,
        type: 3}
      propertyPath: m_AnchorMin.y
      value: 0
      objectReference: {fileID: 0}
    - target: {fileID: 3541432704971101424, guid: 5c3cb4fea9884c8408ae17859f4d7473,
        type: 3}
      propertyPath: m_SizeDelta.x
      value: 0
      objectReference: {fileID: 0}
    - target: {fileID: 3541432704971101424, guid: 5c3cb4fea9884c8408ae17859f4d7473,
        type: 3}
      propertyPath: m_SizeDelta.y
      value: 0
      objectReference: {fileID: 0}
    - target: {fileID: 3541432704971101424, guid: 5c3cb4fea9884c8408ae17859f4d7473,
        type: 3}
      propertyPath: m_AnchoredPosition.x
      value: 0
      objectReference: {fileID: 0}
    - target: {fileID: 3541432704971101424, guid: 5c3cb4fea9884c8408ae17859f4d7473,
        type: 3}
      propertyPath: m_AnchoredPosition.y
      value: 0
      objectReference: {fileID: 0}
    - target: {fileID: 5082568203977640266, guid: 5c3cb4fea9884c8408ae17859f4d7473,
        type: 3}
      propertyPath: m_AnchorMax.y
      value: 0
      objectReference: {fileID: 0}
    - target: {fileID: 5082568203977640266, guid: 5c3cb4fea9884c8408ae17859f4d7473,
        type: 3}
      propertyPath: m_AnchorMin.y
      value: 0
      objectReference: {fileID: 0}
    - target: {fileID: 5082568203977640266, guid: 5c3cb4fea9884c8408ae17859f4d7473,
        type: 3}
      propertyPath: m_SizeDelta.x
      value: 0
      objectReference: {fileID: 0}
    - target: {fileID: 5082568203977640266, guid: 5c3cb4fea9884c8408ae17859f4d7473,
        type: 3}
      propertyPath: m_SizeDelta.y
      value: 0
      objectReference: {fileID: 0}
    - target: {fileID: 5082568203977640266, guid: 5c3cb4fea9884c8408ae17859f4d7473,
        type: 3}
      propertyPath: m_AnchoredPosition.x
      value: 0
      objectReference: {fileID: 0}
    - target: {fileID: 5082568203977640266, guid: 5c3cb4fea9884c8408ae17859f4d7473,
        type: 3}
      propertyPath: m_AnchoredPosition.y
      value: 0
      objectReference: {fileID: 0}
    - target: {fileID: 5475809140617805134, guid: 5c3cb4fea9884c8408ae17859f4d7473,
        type: 3}
      propertyPath: m_SizeDelta.y
      value: 845
      objectReference: {fileID: 0}
    - target: {fileID: 5475809140617805134, guid: 5c3cb4fea9884c8408ae17859f4d7473,
        type: 3}
      propertyPath: m_AnchoredPosition.y
      value: 0
      objectReference: {fileID: 0}
    - target: {fileID: 7484894702756200399, guid: 5c3cb4fea9884c8408ae17859f4d7473,
        type: 3}
      propertyPath: m_Text
      value: 'Tutorial: Goals (1/2)'
      objectReference: {fileID: 0}
    - target: {fileID: 7828568073612223575, guid: 5c3cb4fea9884c8408ae17859f4d7473,
        type: 3}
      propertyPath: m_AnchorMax.y
      value: 0
      objectReference: {fileID: 0}
    - target: {fileID: 7828568073612223575, guid: 5c3cb4fea9884c8408ae17859f4d7473,
        type: 3}
      propertyPath: m_AnchorMin.y
      value: 0
      objectReference: {fileID: 0}
    - target: {fileID: 7828568073612223575, guid: 5c3cb4fea9884c8408ae17859f4d7473,
        type: 3}
      propertyPath: m_SizeDelta.x
      value: 0
      objectReference: {fileID: 0}
    - target: {fileID: 7828568073612223575, guid: 5c3cb4fea9884c8408ae17859f4d7473,
        type: 3}
      propertyPath: m_SizeDelta.y
      value: 0
      objectReference: {fileID: 0}
    - target: {fileID: 7828568073612223575, guid: 5c3cb4fea9884c8408ae17859f4d7473,
        type: 3}
      propertyPath: m_AnchoredPosition.x
      value: 0
      objectReference: {fileID: 0}
    - target: {fileID: 7828568073612223575, guid: 5c3cb4fea9884c8408ae17859f4d7473,
        type: 3}
      propertyPath: m_AnchoredPosition.y
      value: 0
      objectReference: {fileID: 0}
    - target: {fileID: 8721197375109258146, guid: 5c3cb4fea9884c8408ae17859f4d7473,
        type: 3}
      propertyPath: m_Text
      value: Collect coins to make your score higher!
      objectReference: {fileID: 0}
    m_RemovedComponents: []
  m_SourcePrefab: {fileID: 100100000, guid: 5c3cb4fea9884c8408ae17859f4d7473, type: 3}
--- !u!224 &148068601124084036 stripped
RectTransform:
  m_CorrespondingSourceObject: {fileID: 5475809140617805134, guid: 5c3cb4fea9884c8408ae17859f4d7473,
    type: 3}
  m_PrefabInstance: {fileID: 5328867753665209354}
  m_PrefabAsset: {fileID: 0}
